@manual{f1rm,
	title    = "STM32F101xx, STM32F102xx, STM32F103xx, STM32F105xx
		and STM32F107xx advanced ARM-based 32-bit MCUs (RM0008)",
	organization = "STMicroelectronics",
	edition = "Revision 14",
	month = "October",
	year      =  2011
}
@manual{CM3pm, 
	title    = "STM32F10xxx/20xxx/21xxx/L1xxxx Cortex-M3 programming manual (PM0056)",
	organization = "STMicroelectronics",
	edition = "Revision 4",
	month = "March",
	year      =  2011
}
